<?xml version="1.0" encoding="UTF-8"?><collection xmlns="http://www.loc.gov/MARC21/slim"><record><leader>00358nam--2200133-i-4500</leader><controlfield tag="001">000031567</controlfield><controlfield tag="002">20161230</controlfield><controlfield tag="005">20161230201038</controlfield><controlfield tag="008">060222s1000------------r-----000-0-eng-d</controlfield><datafield ind1=" " ind2=" " tag="080"><subfield code="a">002</subfield></datafield><datafield ind1=" " ind2=" " tag="100"><subfield code="a">Loosjes, Th.P</subfield></datafield><datafield ind1=" " ind2=" " tag="245"><subfield code="a">On documentation of scientific literature. translated by a.j.dickson</subfield></datafield><datafield ind1=" " ind2=" " tag="260"><subfield code="a">London, Butterworths, 1967, Ix+165p</subfield></datafield><datafield ind1=" " ind2=" " tag="852"><subfield code="a">27495</subfield></datafield></record></collection>